<record><leader>00000cas a22000007a 4500</leader><controlfield tag="001">19918387</controlfield><controlfield tag="008">890623d18891890mouwr ne      0    0eng d</controlfield><datafield ind1=" " ind2=" " tag="010"><subfield code="a">sn 89066628 </subfield></datafield><datafield ind1=" " ind2=" " tag="040"><subfield code="a">MQN</subfield><subfield code="b">eng</subfield><subfield code="c">MQN</subfield><subfield code="d">OCLCQ</subfield></datafield><datafield ind1=" " ind2=" " tag="042"><subfield code="a">msc</subfield></datafield><datafield ind1="0" ind2=" " tag="130"><subfield code="a">Local news (Butler, Mo.)</subfield></datafield><datafield ind1="1" ind2="4" tag="245"><subfield code="a">The local news.</subfield></datafield><datafield ind1=" " ind2=" " tag="260"><subfield code="a">Butler, Bates County, Mo. :</subfield><subfield code="b">Archbold &amp; Trickett,</subfield><subfield code="c">1889-</subfield></datafield><datafield ind1=" " ind2=" " tag="300"><subfield code="a">v.</subfield></datafield><datafield ind1=" " ind2=" " tag="310"><subfield code="a">Weekly</subfield></datafield><datafield ind1="1" ind2=" " tag="362"><subfield code="a">Vol. 1, no. 1 (Mar. 22, 1889)-</subfield></datafield><datafield ind1="1" ind2=" " tag="362"><subfield code="a">Ceased in 1890?</subfield></datafield><datafield ind1=" " ind2=" " tag="752"><subfield code="a">United States</subfield><subfield code="b">Missouri</subfield><subfield code="c">Bates</subfield><subfield code="d">Butler.</subfield></datafield><datafield ind1="0" ind2="0" tag="785"><subfield code="t">Weekly union (Butler, Mo.)</subfield><subfield code="w">(DLC)sn 89066497</subfield></datafield></record>